@article{Kalmman,
  added-at = {2013-04-04},
  author = {H. A. Patel and Thakore D. G.},
  interhash = {3f7a151a4f79fe75b4bb148b41279a9b},
  intrahash = {84f8dcb41f0c8f26e10641a347e30ab0},
  journal = {International Journal of Computer Science and Mobile Computing},
  keywords = {2000 book nlp},
  pages = {326--332},
  timestamp = {2013-04-04},
  title = {Moving Object Tracking Using Kalman Filter},
  volume = 02,
  year = 2013
}

@article{Castro ,
  author = {V. Estivill-Castro and J. Radev},
  biburl = {http://www.humanoidsoccer.org/ws13/program.html},
  journal = {The 8th Workshop on Humanoid Soccer Robots 13th at IEEE-RAS International Conference on Humanoid Robots},
  title = {Humanoids Learning who are Teammates and who are Opponents},
  year = 2013
}

@article{Bunden ,
  author = {D. Budden and S. Fenn and J. Walker and A. Mendes},
  journal = {AI 2012: Advances in Artificial Intelligence, Lecture Notes in Computer Science},
  pages = {827--838},
  volume = {7691},
  title = {A Novel Approach to Ball Detection for Humanoid Robot Soccer},
  year = 2012
}

@book{Gonzalez,
  author = {Rafael C. Gonzalez and Richard E. Woods},
  isbn-10 = {013168728X},
  isbn-13 = {978-0131687288},
  description = {Thesis BIB},
  interhash = {9c833e39d6ac9c0a31aca034fb641190},
  intrahash = {e13a49ec715f4e52f1dcca0d4c5c8b2c},
  keywords = {imported},
  publisher = {Prentice Hall},
  edition = 3,
  timestamp = {2010-08-31T06:49:28.000+0100},
  title = {Digital Image Processing},
  year = 2010
}

@article{RG ,
  author = {Verma  and M. Hanmandlu and S. Susan and M. Kulkarni and P. K. KumJain},
  journal = {International Conference on Communication Systems and Network Technologies},
  title = {A Simple Single Seeded Region Growing Algorithm for Color Image Segmentation using Adaptive Thresholding},
  year = 2011
}

@article{Edge ,
  author = {Kimmel and Ron Bruckstein and Alfred M.},
  journal = {International Journal of Computer Vision},
  title = {On regularized Laplacian zero crossings and other optimal edge integrators},
  pages = {225–-243},
  year = 2011
}

@article{VS1,
  title={Visual servo control. I. Basic approaches},
  author={Chaumette, Fran{\c{c}}ois and Hutchinson, Seth},
  journal={Robotics \& Automation Magazine, IEEE},
  volume={13},
  number={4},
  pages={82--90},
  year={2006},
  publisher={IEEE}
}

@article{VS2,
  title={Visual servo control, part ii: Advanced approaches},
  author={Chaumette, Fran{\c{c}}ois and Hutchinson, Seth},
  journal={IEEE Robotics and Automation Magazine},
  volume={14},
  number={1},
  pages={109--118},
  year={2007}
}

@inproceedings{verma2011simple,
  title={A simple single seeded region growing algorithm for color image segmentation using adaptive thresholding},
  author={Verma, Om Prakash and Hanmandlu, Madasu and Susan, Seba and Kulkarni, Muralidhar and Jain, Puneet Kumar},
  booktitle={Communication Systems and Network Technologies (CSNT), 2011 International Conference on},
  pages={500--503},
  year={2011},
  organization={IEEE}
}

 
@article{Ana ,
  author = {Ana Carolina Lorena and Carvalho},
  journal = {Relatórios Técnicos do ICMC: Usp - São Carlos},
  title = {Introdução as Máquinas de Vetores Suporte},
  year = 2003
}




@article{SVM ,
  author = {Vladimir N. Vapnik and Alexey Ya. Chervonenkis },
  journal = {Machine Learning 20 (3): 273.},
  title = {Support-vector networks},
  pages = {273},
  doi = {10.1007/BF00994018},
  year = 1995
}


@book{cristianini2000introduction,
  title={An introduction to support vector machines and other kernel-based learning methods},
  author={Cristianini, Nello and Shawe-Taylor, John},
  year={2000},
  publisher={Cambridge university press}
}


@article{Haykin,
  title={A comprehensive foundation},
  author={Haykin, Simon and Network, Neural},
  journal={Neural Networks},
  volume={2},
  number={2004},
  year={2004}
}



@article{ Hearst,
	author = {Marti A. Hearst and Susan T. Dumais and Edgar Osuna and John Platt and Bernhard Schölkopf},
	title = {SVMs — A practical consequence of learning theory},
	Publisher = {IEEE Intelligent Systems},
	year = 1998
}



@inproceedings{Osuna,
  title={Training support vector machines: \textmd{an application to face detection}},
  author={Osuna, Edgar and Freund, Robert and Girosi, Federico},
  booktitle={Computer Vision and Pattern Recognition, 1997. Proceedings., 1997 IEEE Computer Society Conference on},
  pages={130--136},
  year={1997},
  organization={IEEE}
}


@article{Dumais,
  title={Using SVMs for text categorization},
  author={Dumais, Susan and others},
  journal={IEEE Intelligent Systems},
  volume={13},
  number={4},
  pages={21--23},
  year={1998},
  publisher={Trends and Controversies—Support Vector Machines}
}




@misc{OpenCV,
  title = {OpenCV - (Open Source Computer Vision Library)},
  howpublished = {Disponível em: \url{http://www.opencv.org}},
  note = {Acesso em: 20 Mai. 2014},
  year = 2014
}

@misc{Rules,
  title = {Robocup Official Website},
  howpublished = {Disponível em: \url{http://www.robocup.org}},
  note = {Acesso em: 25 Mai. 2014},
  year = 2014
}


@misc{Faria,
  title = {Fluxo Ótico},
  howpublished = {Disponível em: \url{http://www.verlab.dcc.ufmg.br/_media/cursos/visao/2007-1/alunos/alexandrewagner/optical_flow_article.pdf}},
  note = {Acesso em: 12 Ago. 2014},
  year = 2007
}


@misc{NAO,
  title = {NAO},
  howpublished = {Disponível em: \url{http://www.active8robots.com/wp-content/uploads/File-1400771269.pdf}},
  note = {Acesso em: 06/02/2015},
  year = 2015
}

@article{Kiryatti,
  title={A probabilistic Hough transform},
  author={Kiryati, Nahum and Eldar, Yuval and Bruckstein, Alfred M},
  journal={Pattern recognition},
  volume={24},
  number={4},
  pages={303--316},
  year={1991},
  publisher={Elsevier}
}


@Article{Sobel,
	title = {Isotropic 3x3 Image Gradient Operator},
	author = {Irwin Sobel},
	journal = { Stanford Artificial Intelligence Project (SAIP)},
	year = {1968}
}

@Article{Canny,
	title = {A computational approach to edge detection},
	author = {John Canny},
	journal = { Pattern Analysis and Machine Intelligence},
	publisher= {IEEE Trans},
	volume= {8},
	pages= {679 - 714},
	year = {1986}
}


@article{Wu,
  title={CENTRIST: A visual descriptor for scene categorization},
  author={Wu, Jianxin and Rehg, James M},
  journal={Pattern analysis and machine intelligence, IEEE transactions on},
  volume={33},
  number={8},
  pages={1489--1501},
  year={2011},
  publisher={IEEE}
}


@book{ Green,
	author = {George Green},
	title = {Essay on the Application of Mathematical Analysis to the Theory of Electricity and Magnetism},
	Publisher = {Cambridge - },
	year = 1828
}

@inproceedings{Darwin,
  title={Development of open humanoid platform DARwIn-OP},
  author={Ha, Inyong and Tamura, Yusuke and Asama, Hajime and Han, Jeakweon and Hong, Dennis W},
  booktitle={SICE Annual conference (SICE), 2011 proceedings of},
  pages={2178--2181},
  year={2011},
  organization={IEEE}
}




@article{scikit-learn,
 title={Scikit-learn: Machine Learning in {P}ython},
 author={ F. Pedregosa and G. Varoquaux and A. Gramfort and V. Michel and B. Thirion and O. Grisel and M. Blondel and P. Prettenhofer
         and R. Weiss and V. Dubourg and J. Vanderplas and A. Passos and D. Cournapeau and M. Brucher and M. Perrot and E. Duchesnay},
 journal={Journal of Machine Learning Research},
 volume={12},
 pages={2825--2830},
 year={2011}
}

@book{Fernandez,
  author = {Al Haj, M. and Fernandez, C. and Huerta, I. and Gonzalez, J. and Roca, X. and Xiong, Z.},
  title = {Visual analysis of humans: \textmd {Looking at people} },

  isbn-10 = {013168728X},
  publisher = {Springer},
  year = 2011
}


@article{Corke,
  title={A tutorial on visual servo control},
  author={Hutchinson, Seth and Hager, Gregory D and Corke, Peter and others},
  journal={Robotics and automation, IEEE transactions on},
  volume={12},
  number={5},
  pages={651--670},
  year={1996},
  publisher={IEEE}
}


@article{Weiss,
  title={Image-based visual servo control using relational graph error signals},
  author={Sanderson, AC and Weiss, LE},
  journal={Proc. ieee},
  volume={1074},
  year={1980}
}



@article{Aloimonos,
	year={1988},
	issn={0920-5691},
	journal={International Journal of Computer Vision},
	volume={1},
	number={4},
	doi={10.1007/BF00133571},
	title={Active vision},
	url={http://dx.doi.org/10.1007/BF00133571},
	publisher={Kluwer Academic Publishers},
	author={John Aloimonos and Isaac Weiss and Amit Bandyopadhyay},
	pages={333-356},
}

@inproceedings{Denzler,
  title={Information theoretic focal length selection for real-time active 3d object tracking},
  author={Denzler, Joachim and Zobel, Matthias and Niemann, Heinrich},
  booktitle={Computer Vision, 2003. Proceedings. Ninth IEEE International Conference on},
  pages={400--407},
  year={2003},
  organization={IEEE}
}



@article{Rivlin,
year={2000},
journal={International Journal of Computer Vision},
volume={39},
number={2},
doi={10.1023/A:1008166825510},
title={Control of a Camera for Active Vision: Foveal Vision, Smooth Tracking and Saccade},
url={http://dx.doi.org/10.1023/A\%3A1008166825510},
publisher={Kluwer Academic Publishers},
author={Rivlin, Ehud and Rotstein, Héctor},
pages={81-96},
}


@article{Walther,
title = "Selective visual attention enables learning and recognition of multiple objects in cluttered scenes ",
journal = "Computer Vision and Image Understanding ",
volume = "100",
number = "1–2",
pages = "41 - 63",
year = "2005",
note = "Special Issue on Attention and Performance in Computer Vision ",
doi = "http://dx.doi.org/10.1016/j.cviu.2004.09.004",
url = "http://www.sciencedirect.com/science/article/pii/S1077314205000433",
author = "Dirk Walther and Ueli Rutishauser and Christof Koch and Pietro Perona",

}

@incollection{Sharma,
  title={Role of active vision in optimizing visual feedback for robot control},
  author={Sharma, Rajeev},
  booktitle={The confluence of vision and control},
  pages={24--40},
  year={1998},
  publisher={Springer}
}

@incollection{Fleet,
  title={Optical flow estimation},
  author={Fleet, David and Weiss, Yair},
  booktitle={Handbook of mathematical models in computer vision},
  pages={237--257},
  year={2006},
  publisher={Springer}
}



@article{ Viola,
	author = {Paul Viola and Michael Jones},
	title = {Rapid Object Detection using a Boosted Cascade of Simple Features},
	journal = {Conference on Computer Vision and Pattern Recognition (CVPR)},
	Pages = {511-518},
	year = 2001
}


@article{Martinez,
  title={Pca versus lda},
  author={Mart{\'\i}nez, Aleix M and Kak, Avinash C},
  journal={Pattern analysis and machine intelligence, IEEE transactions on},
  volume={23},
  number={2},
  pages={228--233},
  year={2001},
  publisher={IEEE}
}


@article{ RANSAC,
	author = {Martin A. Fischler and Robert C. Bolles.},
	title = {Random Sample Consensus: A Paradigm for Model Fitting with Applications to Image Analysis and Automated Cartography},
	journal = {Comm. of the ACM},
	Pages = {381-395},
	year = 1981
}

@misc{AUTMan,
  title = {AUTMan Humanoid KidSize Team Description Paper},
  howpublished = {Disponível em: \url{https://www.robocuphumanoid.org/hl-2015/teams/}},
  note = {Acesso em: 01 Set. 2015},
  year = 2014
}

@misc{Baset,
  title = {Baset Kid-Size 2014 Team Description Paper},
  howpublished = {Disponível em: \url{https://www.robocuphumanoid.org/hl-2015/teams/}},
  note = {Acesso em: 01 Set. 2015},
  year = 2014
}

@misc{Bold,
  title = {Bold Hearts Team Description RoboCup 2014 Kid Size},
  howpublished = {Disponível em: \url{https://www.robocuphumanoid.org/hl-2015/teams/}},
  note = {Acesso em: 01 Set. 2015},
  year = 2014
}

@misc{CIT,
  title = {CIT Brains},
  howpublished = {Disponível em: \url{https://www.robocuphumanoid.org/hl-2015/teams/}},
  note = {Acesso em: 01 Set. 2015},
  year = 2014
}

@misc{NUbots,
  title = {The NUbots Team Description Paper 2014},
  howpublished = {Disponível em: \url{https://www.robocuphumanoid.org/hl-2015/teams/}},
  note = {Acesso em: 01 Set. 2015},
  year = 2014
}

@misc{EROS,
  title = {EROS Team Description for Humanoid Kid Size League of Robocup 2014},
  howpublished = {Disponível em: \url{https://www.robocuphumanoid.org/hl-2015/teams/}},
  note = {Acesso em: 01 Set. 2015},
  year = 2014
}

@incollection{AdaptPart,
  title={Object tracking with an adaptive color-based particle filter},
  author={Nummiaro, Katja and Koller-Meier, Esther and Van Gool, Luc},
  booktitle={Pattern recognition},
  pages={353--360},
  year={2002},
  publisher={Springer}
}




@article{Condensation,
  title={Condensation—conditional density propagation for visual tracking},
  author={Isard, Michael and Blake, Andrew},
  journal={International journal of computer vision},
  volume={29},
  number={1},
  pages={5--28},
  year={1998},
  publisher={Springer}
}




@inproceedings{Benallal,
	author={Benallal, M. and Meunier, J.},
	booktitle={Electrical and Computer Engineering, 2003. IEEE CCECE 2003. Canadian Conference on},
	title={Real-time color segmentation of road signs},
	year={2003},
	volume={3},
	pages={1823-1826 vol.3},
	keywords={computer vision;image colour analysis;image recognition;image segmentation;real-time systems;video signal processing;RGB 		component;camera methodology;car embedding;computer vision system;hardware;real-time color segmentation;real-time system;research 		project;road sign;road sign identification;road sign recognition;},
	doi={10.1109/CCECE.2003.1226265},
	ISSN={0840-7789},
	month={May},
}


@article{Bimbo,
  title={Semantics in visual information retrieval},
  author={Colombo, Carlo and Del Bimbo, Alberto and Pala, Pietro},
  journal={IEEE MultiMedia},
  number={3},
  pages={38--53},
  year={1999},
  publisher={IEEE}
}


@book{Young,
  title={Colour vision in the nineteenth century: the Young-Helmholtz-Maxwell theory},
  author={Sherman, Paul D},
  year={1981},
  publisher={Taylor \& Francis}
}


@inproceedings{Broggi,
  title={Real time road signs recognition},
  author={Broggi, Alberto and Cerri, Pietro and Medici, Paolo and Porta, Pier Paolo and Ghisio, Guido},
  booktitle={Intelligent Vehicles Symposium, 2007 IEEE},
  pages={981--986},
  year={2007},
  organization={IEEE}
}

@inproceedings{Matheron,
  title={Morphologie math{\'e}matique et granulom{\'e}tries en place},
  author={Haas, A and Matheron, G and Serra, J},
  booktitle={Annales des mines},
  volume={11},
  number={736-753},
  pages={7--3},
  year={1967}
}


@article{HoughCircle,
  title={Use of the Hough transformation to detect lines and curves in pictures},
  author={Duda, Richard O and Hart, Peter E},
  journal={Communications of the ACM},
  volume={15},
  number={1},
  pages={11--15},
  year={1972},
  publisher={ACM}
}

@Book{Dougherty,
	title = {An Introduction to Morphological Image Processing},
	author = {Edward R. Dougherty},
	publisher = {SPIE Optical Engineering Press},
	year = {1992}
}	

@inproceedings{Hough,
  title={Machine analysis of bubble chamber pictures},
  author={Hough, Paul VC},
  booktitle={International conference on high energy accelerators and instrumentation},
  volume={73},
  year={1959}
}



@article{FastHough,
  title={A fast Hough transform for segment detection},
  author={Guil, Nicolas and Villalba, Julio and Zapata, Emilio L},
  journal={Image processing, IEEE transactions on},
  volume={4},
  number={11},
  pages={1541--1548},
  year={1995},
  publisher={IEEE}
}



@inproceedings{Dallal,
  title={Histograms of oriented gradients for human detection},
  author={Dalal, Navneet and Triggs, Bill},
  booktitle={Computer Vision and Pattern Recognition. CVPR 2005. IEEE Computer Society Conference on},
  volume={1},
  pages={886--893},
  year={2005},
  organization={IEEE}
}



@Article{Panchal,
	title = {A Comparison of SIFT and SURF},
	author = { P. M. Panchal and S. R. Panchal and S. K. Shah},
	journal = {International Journal of Innovative Research in Computer and Communication Engineering},
	month = {April},
	year = 2013,
	volume = 1
}


@incollection{Tuytelaars,
  title={Surf: Speeded up robust features},
  author={Bay, Herbert and Tuytelaars, Tinne and Van Gool, Luc},
  booktitle={Computer vision--ECCV 2006},
  pages={404--417},
  year={2006},
  publisher={Springer}
}

@article{Lowe,
  title={Distinctive image features from scale-invariant keypoints},
  author={Lowe, David G},
  journal={International journal of computer vision},
  volume={60},
  number={2},
  pages={91--110},
  year={2004},
  publisher={Springer}
}


@Article{Hu,
	title = {Visual pattern recognition by moment invariants},
	author = {Ming-Kuei Hu},
	journal = {IRE Transactions on Information Theory},
	year = 1962
}


@Article{Davies,
title = "A modified Hough scheme for general circle location ",
journal = "Pattern Recognition Letters ",
volume = "7",
number = "1",
pages = "37 - 43",
year = "1988",
note = "",
issn = "0167-8655",
doi = "http://dx.doi.org/10.1016/0167-8655(88)90042-6",
url = "http://www.sciencedirect.com/science/article/pii/0167865588900426",
author = "E.R. Davies",

}

@Article{Flusser,
	title = {On the independence of rotation moment invariants},
	author = {Jan Flusser},
	journal = {Pattern Recognition Letters},
	publisher = {Elsevier Science Inc.},
	pages = {1405-1410},
	year = 2000
}

@Article{Riaz,
	title = {Human Detection by Using Centrist Features for Thermal Images},
	author = {Irfan Riaz and Jingchun Piao and Hyunchul Shin},
	journal = {IADIS International Journal on Computer Science and Information Systems},
	volume = {8},
	pages = {1-11},
	year = 2013
}

@Article{Sreelakshmi,
	title = {A faster Object Detection Framework using CENTRIST Visual Descriptor},
	author = {R. Sreelakshmi and K. Sreekumar},
	journal = { International Journal of Engineering Research and Technology },
	volume = {4},
	year = 2015
}

@inproceedings{perico2014hardware,
  title={Hardware and Software Aspects of the Design and Assembly of a New Humanoid Robot for RoboCup Soccer},
  author={Danilo Hernani Perico and Isaac Jesus Silva and Claudio de Oliveira Vilao and Thiago P Donadon Homem and Ricardo C Destro and Flavio Tonidandel and Reinaldo A C Bianchi},
  booktitle={Robotics: SBR-LARS Robotics Symposium and Robocontrol (SBR LARS Robocontrol), 2014 Joint Conference on},
  pages={73--78},
  year={2014},
  organization={IEEE}
}


@inproceedings{Vilao,
    AUTHOR="Claudio Vilao and Danilo Perico and Isaac da Silva and Thiago Homem and Flavio Tonidandel and Reinaldo Bianchi",
    TITLE="A Single Camera Vision System For Humanoid Robots Acting At Robocup Kid-size Soccer League",
    BOOKTITLE="LARS-SBR 2014",
    ADDRESS="USP São Carlos - SP",
    MONTH="oct",
    YEAR="2014"
} 

@inproceedings{Vilao2,
    AUTHOR="Claudio Vilao and Luiz Celiberto and Reinaldo Bianchi and Danilo Perico and Isaac da Silva and Thiago Homem and Flavio Tonidandel",
    TITLE="Evaluating The Performance Of Two Visual Descriptors Techniques For A Humanoid Robot.",
    BOOKTITLE="LARS/SBR 2015",
    ADDRESS="Uberlândia - MG",
    MONTH="oct",
    YEAR="2015"
} 


@article{sutherland1994kinematics,
  title={Kinematics of normal human walking},
  author={Sutherland, DH and Kaufman, KR and Moitoza, JR},
  journal={Human walking},
  pages={23--44},
  year={1994},
  publisher={Williams and Wilkins, Baltimore, MD}
}

@book{bookFeedbackcontrol,
   title = "Feedback control of dynamic bipedal robot locomotion",
   author = "Westervelt, Eric R. and Grizzle, Jessy W. and Chevallereau, Christine and Choi, Jun Ho and Morris, Benjamin",
   series = "Control and automation",
   publisher = "CRC Press",
   address = "Boca Raton",
   url = "http://opac.inria.fr/record=b1134075",
   isbn = "978-1-4200-5372-2",
   year = 2007
}


@inproceedings{Papageorgiou,
  title={A general framework for object detection},
  author={Papageorgiou, Constantine P and Oren, Michael and Poggio, Tomaso},
  booktitle={Computer vision, 1998. sixth international conference on},
  pages={555--562},
  year={1998},
  organization={IEEE}
}



@article{Adaboost,
  title={A decision-theoretic generalization of on-line learning and an application to boosting},
  author={Freund, Yoav and Schapire, Robert E},
  journal={Journa1 of computer and system sciences},
  volume={55},
  number={1},
  pages={119--139},
  year={1997},
  publisher={Elsevier}
}




@Article{Xue,
	title = {Research of Feature Selection and Comparision in AdaBoost based Object Detection System},
	author = {Yucui Ju and Hua Zhang and Yanbing Xue},
	note = {doi = {10.12733/jcis7492}},
	journal = {Journal of Computational Information Systems},
	publisher = {Binary Information Press},
	volume = {9},
	pages = {22},
	year = 2013
}




@article{Kuranov,
  author    = {Alexander Kuranov and Rainer Lienhart and Vadim Pisarevsky},
  title     = {An Empirical Analysis of Boosting Algorithms for Rapid Objects With an Extended Set of Haar-like Features},
  journal   = {Intel Technical Report MRL-TR-July02-01},
  year      = {1998},
  note      = {http://www.lienhart.de/Publications/DAGM2003.pdf},
}

@article{LiZhang,
  title={Floatboost learning and statistical face detection},
  author={Li, Stan Z and Zhang, ZhenQiu},
  journal={Pattern Analysis and Machine Intelligence, IEEE Transactions on},
  volume={26},
  number={9},
  pages={1112--1123},
  year={2004},
  publisher={IEEE}
}



@article{Brubaker,
  author    = {Jianxin Wu and Charles Brubaker and Matthew Mullin and James Rehg},
  title     = {Fast asymmetric learning for cascade face detection},
  journal   = {Pattern Analysis and Machine Intelligence, IEEE Transactions on},
  volume    = {30},
  year      = {2008},
}


@article{Mita,
  title={Discriminative feature co-occurrence selection for object detection},
  author={Mita, Takeshi and Kaneko, Toshimitsu and Stenger, Bj{\"o}rn and Hori, Osamu},
  journal={Pattern analysis and machine intelligence, IEEE transactions on},
  volume={30},
  number={7},
  pages={1257--1269},
  year={2008},
  publisher={IEEE}
}





@article{Sakrapee,
  author    = {Sakrapee Paisitkriangkrai and Chunhua Shen and Jian Zhang},
  title     = {Face Detection with Effective Feature Extraction},
  journal   = {Computer Vision – ACCV 2010 in 10th Asian Conference on Computer Vision, Queenstown, New Zealand},
  volume    = {6494},
  year      = {2010},
}

@article{Avidan,
  author    = {Shai Avidan},
  title     = {Ensemble tracking},
  journal   = {Pattern Analysis and Machine Intelligence, IEEE Transactions on},
  year      = {2007},
}



@article{Parag,
  author    = {Toufiq Parag and Fatih Porikli and Ahmed Elgammal},
  title     = {Boosting adaptive linear weak classifiers for online learning and tracking},
  journal   = {Computer Vision and Pattern Recognition, 2008. CVPR 2008. IEEE Conference on},
  year      = {2008},
}

@article{Polikar,
  author    = {Robin Polikar},
  title     = {Ensemble based systems in decision making},
  journal   = {Circuits and Systems Magazine, IEEE},
  volume    = {6},
  pages     = {21 - 45},
  year      = {2006},
}

@article{Ross,
  author    = {Mark Ross},
  title     = {Statistical Motion Segmentation and object tracking without a-priori models},
  journal   = {Vision, Modeling, and Visualization 2006: Proceedings},
  year      = {2006},
}

@inproceedings{Thrun,
  AUTHOR         = {Sebastian Thrun},
  TITLE          = {Particle Filters in Robotics},
  YEAR           = {2002},
  BOOKTITLE      = {Proceedings of the 17th Annual Conference on Uncertainty in AI (UAI)}
}

@InCollection{Mackworth,
  author =	 {Alan K. Mackworth},
  title =	 {On Seeing Robots},
  booktitle =    {Computer Vision: Systems, Theory and Applications},
  Editor =       {A. Basu and X. Li},
  publisher =    {World Scientific Press},
  year =	 {1993}, 
  address =      {Singapore},
  pages =         {1--13},
  note =         {Reprinted in P. Thagard (ed.), Mind Readings, MIT Press, 1998.},
  bib2html_pubtype ={Book Chapter},
  bib2html_rescat ={},
}


@misc{siteobjetivoRobocup,
  title = {Site Oficial da RoboCup Brasil},
  howpublished = {Disponível em: \url{http://www.robocup.org.br/objetivo.php}},
  note = {Acesso em: 01 Set. 2015},
  year = 2014
}

@book{Morettin,
  title={An{\'a}lise de s{\'e}ries temporais},
  author={Morettin, Pedro A and Toloi, Cl{\'e}lia},
  year={2006},
  publisher={Blucher}
}


@article{Makridakis,
  author    = {Spyros Makridakis and Steven C. Wheelwright and Rob J. Hyndman John Wiley Sons},
  title     = {Forecasting: Methods and Applications},
  journal   = {IIE Transactions},
  volume    = {31},
  edition   = {3},
  year      = {1998}
}


@article{Lopes,
  title={Previs{\~a}o de s{\'e}ries temporais utilizando m{\'e}todos estat{\'\i}sticos},
  author={Faria, EL and Albuquerque, MP and ALFONSO, JLG and ALBRUQYERQUE, MP and CAVALCANTE, JT},
  journal={Centro Brasileiro de Pesquisas F{\'\i}sicas--CBPF. Pontif{\'\i}cia Universidade Cat{\'o}lica--PUC. Rio de Janeiro},
  year={2008}
}


@article{AlfredHaar,
  title={Zur theorie der orthogonalen funktionensysteme},
  author={Haar, Alfred},
  journal={Mathematische annalen},
  volume={69},
  number={3},
  pages={331--371},
  year={1910},
  publisher={Springer}
}


@misc{Maria,
  title = {Can not get new positive sample.},
  howpublished = {Disponível em: \url{http://goo.gl/5qZl0j}},
  note = {Acesso em: 10 Abr. 2014},
  year = 2012
}

@misc{BoldHearts,
  title = {Bold Hearts - RoboCup 2015 Qualification - Kid Size Humanoid League},
  howpublished = {Disponível em: \url{https://www.youtube.com/watch?v=pzYHAp7b7sY}},
  note = {Acesso em: 03 Set. 2015},
  year = 2014
}

@article{FriedmanReal,
  title={Additive logistic regression: a statistical view of boosting (with discussion and a rejoinder by the authors)},
  author={Friedman, Jerome and Hastie, Trevor and Tibshirani, Robert and others},
  journal={The annals of statistics},
  volume={28},
  number={2},
  pages={337--407},
  year={2000},
  publisher={Institute of Mathematical Statistics}
}


@article{SchapireGentle1,
  title={Improved boosting algorithms using confidence-rated predictions},
  author={Schapire, Robert E and Singer, Yoram},
  journal={Machine learning},
  volume={37},
  number={3},
  pages={297--336},
  year={1999},
  publisher={Springer}
}


@article{SchapireGentle2,
  title={A short introduction to boosting},
  author={Schapire, Robert E and Singer, Yoram},
  journal={Journal-Japanese Society For Artificial Intelligence},
  volume={14},
  number={771-780},
  pages={1612},
  year={1999},
  publisher={JAPANESE SOC ARTIFICIAL INTELL}
}




@article{Wand,
    author = {M. P. Wand},
    title = {Data-Based Choice of Histogram Bin Width},
    journal = {The American Statistician},
    year = {1996},
    volume = {51},
    pages = {59--64}
}

@incollection{Deep1,
    Title = {Deep Neural Networks for Object Detection},
    Url = {http://media.nips.cc/nipsbooks/nipspapers/paper_files/nips26/1210.pdf},
    Booktitle = {Advances in Neural Information Processing Systems 26},
    Author = {Christian Szegedy and Alexander Toshev and Dumitru Erhan},
    Editor = {C.j.c. Burges and L. Bottou and M. Welling and Z. Ghahramani and K.q. Weinberger},
    Year = {2013},
    Pages = {2553--2561}
   } 


@inproceedings{Deep2,
  title={Scalable object detection using deep neural networks},
  author={Erhan, Dumitru and Szegedy, Christian and Toshev, Alexander and Anguelov, Dragomir},
  booktitle={Computer Vision and Pattern Recognition (CVPR), 2014 IEEE Conference on},
  pages={2155--2162},
  year={2014},
  organization={IEEE}
}


@article{mccannobject,
  title={Object Detection using Convolutional Neural Networks},
  author={McCann, Shawn and Reesman, Jim},
  pages={331--371},
  year={2013},
  publisher={Stanford University}
}

@misc{Oxford,
  title = {Robot Navigation by Active Stereo Vision},
  howpublished = {Disponível em: \url{http://www.robots.ox.ac.uk/ActiveVision/Papers}},
  note = {Acesso em: 03 Set. 2015},
  year = 1998
}



@inproceedings{Thompson,
author={Thompson, S. and Kagami, S.},
booktitle={Humanoid Robots, 2005 5th IEEE-RAS International Conference on},
title={Humanoid robot localisation using stereo vision},
year={2005},
pages={19-25},
doi={10.1109/ICHR.2005.1573539},
month={Dec},}


@misc{Edrom,
  title = {EDROM Humanoid Kid Size 2014},
  howpublished = {Disponível em: \url{https://www.robocuphumanoid.org/hl-2014/teams/}},
  note = {Acesso em: 03 Set. 2015},
  year = 2014
}



@article{Tsotsos,
year={1992},
issn={0920-5691},
journal={International Journal of Computer Vision},
volume={7},
number={2},
doi={10.1007/BF00128132},
title={On the relative complexity of active vs. passive visual search},
url={http://dx.doi.org/10.1007/BF00128132},
publisher={Kluwer Academic Publishers},
author={Tsotsos, JohnK.},
pages={127-141},
language={English}
}


@misc{MS,
  title = {Ms Excel 2013},
  howpublished = {Disponível em: \url{https://www.office.com/}},
  note = {Acesso em: 03 Set. 2015},
  year = 2015
}

@misc{JP2014,
  title = {Resultados da RoboCup},
  howpublished = {Disponível em: \url{https://www.robocuphumanoid.org/hl-2014/results/}},
  note = {Acesso em: 03 Set. 2015},
  year = 2014
}

@misc{JP2015,
  title = {Resultados da RoboCup},
  howpublished = {Disponível em: \url{https://www.robocuphumanoid.org/hl-2015/results/}},
  note = {Acesso em: 03 Set. 2015},
  year = 2015
}


@misc{LARC2014,
  title = {Resultados do LARC/CBR},
  howpublished = {Disponível em: \url{http://www.cbrobotica.org/}},
  note = {Acesso em: 25 Set. 2015},
  year = 2014
}

@book{DudaHart,
  author={Duda, Richard O and Hart, Peter E},
  edition = 2,
  publisher = {Wiley},
  title = {Pattern Classification},
  username = {flint63},
  year = 2001
}


@article{Lin,
  author = {Shinfeng D. Lin, Yuan-Ming Liu, Yu-Ruei Jhu},
  title = {A Robust Image Descriptor for Human Detection Based on Hog and Webers law},
  journal = {International Journal of innovative Computing Information and Control ICIC},
  volume = {9},
  pages = {3887-3901},
  year = {2013}
}

